@manual{kirisame2021dynamic,
      title={Dynamic Tensor Rematerialization}, 
      author={Marisa Kirisame* and Steven Lyubomirsky* and Altan Haan* and Jennifer Brennan and \textbf{Mike He} and Jared Roesch and Tianqi Chen and Zachary Tatlock},
      booktitle={International Conference on Learning Representations (ICLR{\textquoteright}21)},
      year={2021},
      eprint={2006.09616},
      archivePrefix={arXiv},
      primaryClass={cs.LG}
}

@manual {latte21,
	title = {From DSLs to Accelerator-rich Platform Implementations: Addressing the Mapping Gap},
	booktitle = {Workshop on Languages, Tools, and Techniques for Accelerator Design (LATTE{\textquoteright}21)},
	year = {2021},
	url = {https://capra.cs.cornell.edu/latte21/paper/30.pdf},
	author = {Bo-Yuan Huang* and Steven Lyubomirsky* and Thierry Tambe* and Li, Yi and \textbf{Mike He} and Gus Smith and Gu-Yeon Wei and Aarti Gupta and Sharad Malik and Zachary Tatlock}
}

@manual {pldi22,
	title = {Application-Level Validation of Accelerator Designs Using a Formal Software/Hardware Interface},
	year = {2022},
	author = {Bo-Yuan Huang* and Steven Lyubomirsky* and Yi Li and \textbf{Mike He} and Thierry Tambe and Gus Henry Smith and Akash Gaonkar and Vishal Canumalla and Gu-Yeon Wei and Aarti Gupta and Sharad Malik and Zachary Tatlock}
}

@manual {egraphs23,
	title = {Improving Term Extraction with Acyclic Constraints},
	booktitle = {E-Graph Research, Applications, Practices, and Human-factors Symposium (EGRAPHS{\textquoteright}23)},
	year = {2023},
	url = {},
	author = {\textbf{Mike He} and Haichen Dong and Sharad Malik and Aarti Gupta}}